<?xml version="1.0" encoding="UTF-8"?><collection xmlns="http://www.loc.gov/MARC21/slim"><record><leader>00402nam--2200109-i-4500</leader><controlfield tag="001">000029511</controlfield><controlfield tag="002">20161230</controlfield><controlfield tag="005">20161230201037</controlfield><controlfield tag="008">060222s1000------------r-----000-0-eng-d</controlfield><datafield ind1=" " ind2=" " tag="245"><subfield code="a">Molecular spectroscopy. general and introductory lectures presented at the fifth european congress on molecular spectroscopy held in amsterdam, 29 may - 3 june, 1961</subfield></datafield><datafield ind1=" " ind2=" " tag="260"><subfield code="a">London, Butterworths, 1962, 189p</subfield></datafield><datafield ind1=" " ind2=" " tag="852"><subfield code="a">18016</subfield></datafield></record></collection>